<record><leader>00000cas a22000007i 4500</leader><controlfield tag="001">30834598</controlfield><controlfield tag="008">940727d18611861pauzr ne      0    0eng c</controlfield><datafield ind1=" " ind2=" " tag="010"><subfield code="a">sn 94058027 </subfield></datafield><datafield ind1=" " ind2=" " tag="040"><subfield code="a">NVJ</subfield><subfield code="b">eng</subfield><subfield code="e">rda</subfield><subfield code="c">NVJ</subfield><subfield code="d">OCLCQ</subfield><subfield code="d">NDD</subfield><subfield code="d">OCLCF</subfield></datafield><datafield ind1=" " ind2=" " tag="042"><subfield code="a">msc</subfield></datafield><datafield ind1=" " ind2=" " tag="043"><subfield code="a">n-us-pa</subfield></datafield><datafield ind1="0" ind2="0" tag="245"><subfield code="a">Harris' war bulletin.</subfield></datafield><datafield ind1="1" ind2="3" tag="246"><subfield code="a">War bulletin</subfield></datafield><datafield ind1="1" ind2=" " tag="246"><subfield code="a">Daily bulletin</subfield></datafield><datafield ind1=" " ind2="1" tag="264"><subfield code="a">Erie [Pennsylvania] :</subfield><subfield code="b">[Wm. H. Harris]</subfield></datafield><datafield ind1=" " ind2=" " tag="300"><subfield code="a">volumes :</subfield><subfield code="b">illustrations ;</subfield><subfield code="c">47 cm</subfield></datafield><datafield ind1=" " ind2=" " tag="310"><subfield code="a">Twice daily</subfield></datafield><datafield ind1=" " ind2=" " tag="336"><subfield code="a">text</subfield><subfield code="b">txt</subfield><subfield code="2">rdacontent</subfield></datafield><datafield ind1=" " ind2=" " tag="337"><subfield code="a">unmediated</subfield><subfield code="b">n</subfield><subfield code="2">rdamedia</subfield></datafield><datafield ind1=" " ind2=" " tag="338"><subfield code="a">volume</subfield><subfield code="b">nc</subfield><subfield code="2">rdacarrier</subfield></datafield><datafield ind1="1" ind2=" " tag="362"><subfield code="a">Began in April 1861; ceased in 1961?</subfield></datafield><datafield ind1=" " ind2=" " tag="500"><subfield code="a">"Not that we love the Union less, but we love our country more. For the Friends of the Union."</subfield></datafield><datafield ind1=" " ind2=" " tag="500"><subfield code="a">"Headquarters of the Friends of the Union in Erie, at the Saloon of Wm. H. Harris, Basement Brown's Hotel."</subfield></datafield><datafield ind1=" " ind2=" " tag="500"><subfield code="a">Published daily telegraphic reports of war news.</subfield></datafield><datafield ind1=" " ind2=" " tag="500"><subfield code="a">"Published hereafter in the afternoon instead of the morining"--Notice, May 2, 1861.</subfield></datafield><datafield ind1=" " ind2=" " tag="515"><subfield code="a">Issued morning and evening, &lt;April 23, 1861-&gt;.</subfield></datafield><datafield ind1=" " ind2=" " tag="515"><subfield code="a">Some issues have incorrect designations.</subfield></datafield><datafield ind1=" " ind2=" " tag="588"><subfield code="a">Description based on: Vol. 1, no. 16 (Monday morning, April 23, 1861); title from masthead.</subfield></datafield><datafield ind1=" " ind2=" " tag="588"><subfield code="a">Latest issue consulted: Vol. 1, no. 32 (Thursday morning, May 2, 1861).</subfield></datafield><datafield ind1=" " ind2="0" tag="651"><subfield code="a">United States</subfield><subfield code="x">History</subfield><subfield code="y">Civil War, 1861-1865</subfield><subfield code="v">Newspapers.</subfield></datafield><datafield ind1=" " ind2="0" tag="651"><subfield code="a">Pennsylvania</subfield><subfield code="x">History</subfield><subfield code="y">Civil War, 1861-1865</subfield><subfield code="v">Newspapers.</subfield></datafield><datafield ind1=" " ind2="0" tag="651"><subfield code="a">Erie (Pa.)</subfield><subfield code="v">Newspapers.</subfield></datafield><datafield ind1=" " ind2="0" tag="651"><subfield code="a">Pennsylvania</subfield><subfield code="v">Newspapers.</subfield></datafield><datafield ind1=" " ind2="7" tag="655"><subfield code="a">Broadsides</subfield><subfield code="z">Pennsylvania</subfield><subfield code="z">Erie</subfield><subfield code="y">19th century.</subfield><subfield code="2">rbgenr</subfield></datafield><datafield ind1=" " ind2="7" tag="655"><subfield code="a">History.</subfield><subfield code="2">fast</subfield><subfield code="0">(OCoLC)fst01411628</subfield></datafield><datafield ind1=" " ind2="7" tag="655"><subfield code="a">Newspapers.</subfield><subfield code="2">fast</subfield><subfield code="0">(OCoLC)fst01423814</subfield></datafield><datafield ind1="2" ind2="7" tag="611"><subfield code="a">American Civil War (1861-1865)</subfield><subfield code="2">fast</subfield><subfield code="0">(OCoLC)fst01351658</subfield></datafield><datafield ind1=" " ind2="7" tag="648"><subfield code="a">1861 - 1865</subfield><subfield code="2">fast</subfield></datafield><datafield ind1=" " ind2="7" tag="651"><subfield code="a">Pennsylvania.</subfield><subfield code="2">fast</subfield><subfield code="0">(OCoLC)fst01204598</subfield></datafield><datafield ind1=" " ind2="7" tag="651"><subfield code="a">Pennsylvania</subfield><subfield code="z">Erie.</subfield><subfield code="2">fast</subfield><subfield code="0">(OCoLC)fst01206428</subfield></datafield><datafield ind1=" " ind2="7" tag="651"><subfield code="a">United States.</subfield><subfield code="2">fast</subfield><subfield code="0">(OCoLC)fst01204155</subfield></datafield><datafield ind1="1" ind2=" " tag="700"><subfield code="a">Harris, Wm. H.,</subfield><subfield code="d">1817-1895,</subfield><subfield code="e">publisher.</subfield></datafield><datafield ind1=" " ind2=" " tag="752"><subfield code="a">United States</subfield><subfield code="b">Pennsylvania</subfield><subfield code="c">Erie</subfield><subfield code="d">Erie.</subfield></datafield></record>